<record><leader>00000cas a2200000 a 4500</leader><controlfield tag="001">22483062</controlfield><controlfield tag="008">901009d19761996ilucr ne      0   a0eng c</controlfield><datafield ind1=" " ind2=" " tag="010"><subfield code="a">sn 90054803 </subfield></datafield><datafield ind1=" " ind2=" " tag="040"><subfield code="a">NVF</subfield><subfield code="b">eng</subfield><subfield code="c">NVF</subfield><subfield code="d">NVF</subfield><subfield code="d">OCLCQ</subfield><subfield code="d">OCLCF</subfield><subfield code="d">NVF</subfield><subfield code="d">OCLCO</subfield></datafield><datafield ind1=" " ind2=" " tag="019"><subfield code="a">19951854</subfield></datafield><datafield ind1="1" ind2=" " tag="029"><subfield code="a">AU@</subfield><subfield code="b">000020632456</subfield></datafield><datafield ind1=" " ind2=" " tag="042"><subfield code="a">pcc</subfield></datafield><datafield ind1=" " ind2=" " tag="043"><subfield code="a">n-us-il</subfield></datafield><datafield ind1="0" ind2="0" tag="245"><subfield code="a">Marshall independent.</subfield></datafield><datafield ind1=" " ind2=" " tag="260"><subfield code="a">Marshall, Ill. :</subfield><subfield code="b">Clark County Pub. Co.,</subfield><subfield code="c">1976-1996.</subfield></datafield><datafield ind1=" " ind2=" " tag="300"><subfield code="a">v.</subfield></datafield><datafield ind1=" " ind2=" " tag="310"><subfield code="a">Semiweekly,</subfield><subfield code="b">Oct. 1, 1979-Aug. 22, 1996</subfield></datafield><datafield ind1=" " ind2=" " tag="321"><subfield code="a">Weekly,</subfield><subfield code="b">Feb. 9, 1976-Sept. 24, 1979</subfield></datafield><datafield ind1="0" ind2=" " tag="362"><subfield code="a">Vol. 1, no. 1 (Feb. 9, 1976)-v. 4, no. 39 (Sept. 24, 1979) ; v. 125, no. 39 (Oct. 1, 1979)-v. 144, no. 67 (Aug. 22, 1996).</subfield></datafield><datafield ind1=" " ind2=" " tag="580"><subfield code="a">Merged with: Marshall choice, to form: Marshall Independent choice.</subfield></datafield><datafield ind1=" " ind2="0" tag="651"><subfield code="a">Marshall (Ill.)</subfield><subfield code="v">Newspapers.</subfield></datafield><datafield ind1=" " ind2="7" tag="651"><subfield code="a">Illinois</subfield><subfield code="z">Marshall.</subfield><subfield code="2">fast</subfield><subfield code="0">(OCoLC)fst01226728</subfield></datafield><datafield ind1=" " ind2="7" tag="655"><subfield code="a">Newspapers.</subfield><subfield code="2">fast</subfield><subfield code="0">(OCoLC)fst01423814</subfield></datafield><datafield ind1=" " ind2=" " tag="752"><subfield code="a">United States</subfield><subfield code="b">Illinois</subfield><subfield code="c">Clark</subfield><subfield code="d">Marshall.</subfield></datafield><datafield ind1="0" ind2="5" tag="780"><subfield code="t">Clark County Democrat (Marshall, Ill.)</subfield><subfield code="w">(DLC)sn 90054802</subfield><subfield code="w">(OCoLC)22482986</subfield></datafield><datafield ind1="1" ind2="7" tag="785"><subfield code="t">Marshall choice</subfield><subfield code="w">(DLC)sn2004061962</subfield><subfield code="w">(OCoLC)55964981</subfield></datafield><datafield ind1="1" ind2="7" tag="785"><subfield code="t">Marshall Independent choice</subfield><subfield code="w">(DLC)sn2004061961</subfield><subfield code="w">(OCoLC)55965202</subfield></datafield></record>